<collection xmlns="http://www.loc.gov/MARC21/slim">
<record>
  <leader>01492nam0a2200277 i 450 </leader>
  <controlfield tag="001">IT\ICCU\CNCE\050651</controlfield>
  <controlfield tag="005">20160826000000.0</controlfield>
  <datafield tag="012" ind1=" " ind2=" ">
    <subfield code="a">toi- hen- e,o, AiFe (C) 1599 (R)</subfield>
    <subfield code="2">fei</subfield>
  </datafield>
  <datafield tag="100" ind1=" " ind2=" ">
    <subfield code="a">20000229d1599        0itac0103    ba</subfield>
  </datafield>
  <datafield tag="101" ind1=" " ind2=" ">
    <subfield code="a">ITA</subfield>
  </datafield>
  <datafield tag="102" ind1=" " ind2=" ">
    <subfield code="a">IT</subfield>
  </datafield>
  <datafield tag="200" ind1="1" ind2=" ">
    <subfield code="a">℗La ℗barriera fatta nel castello di S. Saluatore per le solennissime nozze de gl&apos;illustriss. sposi il sig. Conte Alberto Scotto, et la sn.ra Matilda figliuola, dell&apos;illustriss.mo &amp; eccell.mo sig.r  conte Antonio Collalto, collateral generale del  seren.mo Dominio Veneto,  descritta per Giouanni Dalla Torre</subfield>
  </datafield>
  <datafield tag="210" ind1=" " ind2=" ">
    <subfield code="a">In Triuigi</subfield>
    <subfield code="c">appresso Aurelio Reghettini</subfield>
    <subfield code="d">1599</subfield>
    <subfield code="e">In Treuigi</subfield>
    <subfield code="g">appresso Fabritio Zanetti</subfield>
    <subfield code="h">1599</subfield>
  </datafield>
  <datafield tag="215" ind1=" " ind2=" ">
    <subfield code="a">\26! c.</subfield>
    <subfield code="c">ill</subfield>
    <subfield code="d">fol</subfield>
  </datafield>
  <datafield tag="620" ind1=" " ind2=" ">
    <subfield code="a">IT</subfield>
    <subfield code="d">Treviso</subfield>
  </datafield>
  <datafield tag="700" ind1=" " ind2="1">
    <subfield code="a">Dalla_Torre,</subfield>
    <subfield code="b">Giovanni</subfield>
    <subfield code="3">IT\ICCU\CNCA\004560</subfield>
  </datafield>
  <datafield tag="712" ind1="0" ind2="0">
    <subfield code="a">Reghettini, Aurelio</subfield>
    <subfield code="3">IT\ICCU\CNCT\000126</subfield>
    <subfield code="4">650</subfield>
  </datafield>
  <datafield tag="712" ind1="0" ind2="0">
    <subfield code="a">Zanetti, Fabrizio</subfield>
    <subfield code="3">IT\ICCU\CNCT\000127</subfield>
    <subfield code="4">650</subfield>
  </datafield>
  <datafield tag="790" ind1=" " ind2="1">
    <subfield code="a">Torre,</subfield>
    <subfield code="b">Giovanni : dalla</subfield>
    <subfield code="3">IT\ICCU\CNCA\004561</subfield>
    <subfield code="z">Dalla_Torre, Giovanni</subfield>
  </datafield>
  <datafield tag="791" ind1="0" ind2="0">
    <subfield code="a">Righettini, Aurelio</subfield>
    <subfield code="3">IT\ICCU\CNCT\002550</subfield>
    <subfield code="z">Reghettini, Aurelio</subfield>
  </datafield>
  <datafield tag="791" ind1="0" ind2="0">
    <subfield code="a">Reghettinus, Aurelius</subfield>
    <subfield code="3">IT\ICCU\CNCT\005342</subfield>
    <subfield code="z">Reghettini, Aurelio</subfield>
  </datafield>
  <datafield tag="791" ind1="0" ind2="0">
    <subfield code="a">Righetinus, Aurelius</subfield>
    <subfield code="3">IT\ICCU\CNCT\005351</subfield>
    <subfield code="z">Reghettini, Aurelio</subfield>
  </datafield>
  <datafield tag="791" ind1="0" ind2="0">
    <subfield code="a">Zanettus, Fabritius</subfield>
    <subfield code="3">IT\ICCU\CNCT\005794</subfield>
    <subfield code="z">Zanetti, Fabrizio</subfield>
  </datafield>
  <datafield tag="801" ind1=" " ind2="3">
    <subfield code="a">IT</subfield>
    <subfield code="b">ICCU</subfield>
    <subfield code="c">20201115</subfield>
  </datafield>
  <datafield tag="899" ind1=" " ind2=" ">
    <subfield code="a">Biblioteca civica A. Mai. Bergamo</subfield>
    <subfield code="1">BG0026</subfield>
    <subfield code="2">LO1 02</subfield>
  </datafield>
  <datafield tag="899" ind1=" " ind2=" ">
    <subfield code="a">Biblioteca d&apos;arte del Museo civico Correr. Venezia</subfield>
    <subfield code="1">VE0039</subfield>
    <subfield code="2">VEA BC</subfield>
  </datafield>
</record>
</collection>
